@misc{CitaD1,
  author       = {Enciclopedia Significados},
  title        = {Sistema Operativo (qué es, características, tipos y ejemplos)},
  howpublished = {\url{https://www.significados.com/sistema-operativo/}},
  note         = {Último acceso: 18 de noviembre de 2024},
  year         = {8 de julio de 2024}
}

@misc{CitaD2,
  author       = {Universitat Carlemany},
  title        = {Tipos de sistemas operativos y sus características},
  howpublished = {\url{https://www.universitatcarlemany.com/actualidad/blog/tipos-de-sistemas-operativos/}},
  note         = {Último acceso: 18 de noviembre de 2024},
  year         = {14 de junio del 2023}
}

@misc{CitaD3,
  author       = {R. Adeva},
  title        = {Qué es Android: todo sobre el sistema operativo de Google},
  howpublished = {\url{https://www.adslzone.net/reportajes/software/que-es-android/}},
  note         = {Último acceso: 18 de noviembre de 2024},
  year         = {18 de Julio del 2024}
}

@misc{CitaD4,
  author       = {SoftwareLab},
  title        = {¿Qué es Android? Todo lo que necesita saber},
  howpublished = {\url{https://softwarelab.org/es/blog/que-es-android/}},
  note         = {Último acceso: 18 de noviembre de 2024},
  year         = {24 de enero del 2024}
}

@misc{CitaD5,
  author       = {Gr, R.},
  title        = {Todo sobre iOS, el sistema operativo de Apple},
  howpublished = {\url{https://www.adslzone.net/reportajes/software/que-es-ios/}},
  note         = {Último acceso: 18 de noviembre de 2024},
  year         = {12 de julio del 2024.}
}

@misc{CitaD6,
  author       = {SoftwareLab},
  title        = {¿Qué es iOS? Todo lo que necesita saber},
  howpublished = {\url{https://softwarelab.org/es/blog/que-es-ios/}},
  note         = {Último acceso: 18 de noviembre de 2024},
  year         = {16 de enero del 2024}
}

@misc{CitaD7,
  author       = {Vidal, S.},
  title        = {¿Cómo funciona el sistema operativo Windows?},
  howpublished = {\url{https://tecnobits.com/como-funciona-el-sistema-operativo-windows/}},
  note         = {Último acceso: 18 de noviembre de 2024},
  year         = {20 de julio del 2023}
}

@misc{CitaD8,
  author       = {Florentín, B.},
  title        = {MacOS (sistema operativo). ConceptoABC},
  howpublished = {\url{https://conceptoabc.com/macos/#Caracteristicas}},
  note         = {Último acceso: 18 de noviembre de 2024},
  year         = {10 de mayo del 2021}
}

@misc{CitaD9,
  author       = {GCFGlobal.org},
  title        = {Informática Básica: Sistemas operativos: la familia Unix},
  howpublished = {\url{https://edu.gcfglobal.org/es/informatica-basica/sistemas-operativos-la-familia-unix/1/}},
  note         = {Último acceso: 18 de noviembre de 2024},
  year         = {(s. f.)}
}

@misc{CitaD10,
  author       = {U. M. Monterde},
  title        = {Lenguajes de Programación},
  howpublished = {\url{https://repositorio-uapa.cuaieed.unam.mx/repositorio/moodle/pluginfile.php/2655/mod_resource/content/1/UAPA-Lenguajes-Programacion/index.html}},
  note         = {Último acceso: 18 de noviembre de 2024},
  year         = {(s. f.)}
}

@misc{CitaD11,
  author       = {Blog Coders Free},
  title        = {¿Qué es el lenguaje de programación orientada a objetos (POO)?},
  howpublished = {\url{https://codersfree.com/posts/que-es-lenguaje-programacion-orientada-a-objetos}},
  note         = {Último acceso: 18 de noviembre de 2024},
  year         = {(s. f.)}
}

@misc{CitaD12,
  author       = {Aula21},
  title        = {Python: qué es, para qué sirve y cómo se programa | Informática Industrial},
  howpublished = {\url{https://www.cursosaula21.com/que-es-python/}},
  note         = {Último acceso: 18 de noviembre de 2024},
  year         = {23 de mayo del 2023}
}

@misc{CitaD13,
  author       = {TripleTen},
  title        = {¿Qué es Java y por qué la necesito? | TripleTen México},
  howpublished = {\url{https://tripleten.mx/blog/que-es-java-y-por-que-la-necesito/}},
  note         = {Último acceso: 18 de noviembre de 2024},
  year         = {20 de noviembre del 2024}
}

@misc{CitaD14,
  author       = {Plain Concepts},
  title        = {¿Qué es Kotlin y para qué sirve?},
  howpublished = {\url{https://www.plainconcepts.com/es/kotlin-android/}},
  note         = {Último acceso: 18 de noviembre de 2024},
  year         = {5 de septiembre del 2023}
}

@misc{CitaD15,
  author       = {IBM},
  title        = {API},
  howpublished = {\url{https://www.ibm.com/mx-es/topics/api}},
  note         = {Último acceso: 18 de noviembre de 2024},
  year         = {14 de octubre del 2024}
}

@misc{CitaD16,
  author       = {Aplicaciones-AI},
  title        = {Introducción a OpenCV para principiantes},
  howpublished = {\url{https://aplicaciones-ai.com/opencv/}},
  note         = {Último acceso: 18 de noviembre de 2024},
  year         = {16 de julio del 2024}
}

@misc{CitaD17,
  author       = {S. Gonzalez},
  title        = {¿Qué es la licencia BSD?},
  howpublished = {\url{https://appmaster.io/es/blog/que-es-la-licencia-bsd}},
  note         = {Último acceso: 18 de noviembre de 2024},
  year         = {25 de enero del 2023}
}

@misc{CitaD18,
  author       = {Redhat},
  title        = {¿Qué es y para qué sirve un IDE?},
  howpublished = {\url{https://www.redhat.com/es/topics/middleware/what-is-ide}},
  note         = {Último acceso: 18 de noviembre de 2024},
  year         = {(s. f.)}
}

@misc{CitaD19,
  author       = {EduTools},
  title        = {Android Studio | EduTools},
  howpublished = {\url{https://edutools.tec.mx/es/colecciones/tecnologias/android-studio}},
  note         = {Último acceso: 18 de noviembre de 2024},
  year         = {(s. f.)}
}

@misc{CitaD20,
  author       = {Y. Muradas},
  title        = {Qué es Gradle: La herramienta para ser más productivo desarrollando},
  howpublished = {\url{https://openwebinars.net/blog/que-es-gradle/}},
  note         = {Último acceso: 18 de noviembre de 2024},
  year         = {25 de febrero del 2020}
}

@misc{CitaD21,
  author       = {J. A. Saavedra},
  title        = {Qué es Github y para qué sirve: una guía para principiantes},
  howpublished = {\url{https://ebac.mx/blog/que-es-github}},
  note         = {Último acceso: 18 de noviembre de 2024},
  year         = {4 de junio del 2023}
}
